@article{persson2004nature,
  title={On the nature of surface roughness with application to contact mechanics, sealing, rubber friction and adhesion},
  author={Persson, Bo NJ and Albohr, Oliver and Tartaglino, Ugo and Volokitin, Aleksandr Ivanovich and Tosatti, Erio},
  journal={J. Phys.: Condens. Matter},
  volume={17},
  number={1},
  pages={R1},
  year={2004},
  publisher={IOP Publishing}
}
